<record><leader>00000cas a2200000 a 4500</leader><controlfield tag="001">28940994</controlfield><controlfield tag="008">931005d192919uutnuwr ne      0   a0eng d</controlfield><datafield ind1=" " ind2=" " tag="010"><subfield code="a">sn 97065195 </subfield></datafield><datafield ind1=" " ind2=" " tag="040"><subfield code="a">TKN</subfield><subfield code="b">eng</subfield><subfield code="c">TKN</subfield><subfield code="d">TGN</subfield><subfield code="d">OCL</subfield><subfield code="d">OCLCQ</subfield><subfield code="d">OCLCF</subfield><subfield code="d">OCLCO</subfield></datafield><datafield ind1="1" ind2=" " tag="029"><subfield code="a">AU@</subfield><subfield code="b">000013335525</subfield></datafield><datafield ind1=" " ind2=" " tag="042"><subfield code="a">msc</subfield></datafield><datafield ind1=" " ind2=" " tag="043"><subfield code="a">n-us-tn</subfield></datafield><datafield ind1=" " ind2=" " tag="090"><subfield code="a">AN48.G74</subfield><subfield code="b">G65</subfield></datafield><datafield ind1="0" ind2=" " tag="130"><subfield code="a">Greene County Republican (Greeneville, Tenn.)</subfield></datafield><datafield ind1="1" ind2="0" tag="245"><subfield code="a">Greene County Republican.</subfield></datafield><datafield ind1=" " ind2=" " tag="260"><subfield code="a">Greeneville, Tenn. :</subfield><subfield code="b">Tramell Press</subfield></datafield><datafield ind1=" " ind2=" " tag="300"><subfield code="a">v. ;</subfield><subfield code="c">56 cm.</subfield></datafield><datafield ind1=" " ind2=" " tag="310"><subfield code="a">Weekly</subfield></datafield><datafield ind1=" " ind2=" " tag="588"><subfield code="a">Description based on: Vol. 1, no. 9 (June 13, 1929).</subfield></datafield><datafield ind1=" " ind2="0" tag="651"><subfield code="a">Greene County (Tenn.)</subfield><subfield code="v">Newspapers.</subfield></datafield><datafield ind1=" " ind2="0" tag="651"><subfield code="a">Greeneville (Tenn.)</subfield><subfield code="v">Newspapers.</subfield></datafield><datafield ind1=" " ind2="7" tag="655"><subfield code="a">Newspapers.</subfield><subfield code="2">fast</subfield><subfield code="0">(OCoLC)fst01423814</subfield></datafield><datafield ind1=" " ind2="7" tag="651"><subfield code="a">Tennessee</subfield><subfield code="z">Greene County.</subfield><subfield code="2">fast</subfield><subfield code="0">(OCoLC)fst01220180</subfield></datafield><datafield ind1=" " ind2="7" tag="651"><subfield code="a">Tennessee</subfield><subfield code="z">Greeneville.</subfield><subfield code="2">fast</subfield><subfield code="0">(OCoLC)fst01224711</subfield></datafield><datafield ind1=" " ind2=" " tag="752"><subfield code="a">United States</subfield><subfield code="b">Tennessee</subfield><subfield code="c">Greene County</subfield><subfield code="d">Greeneville.</subfield></datafield></record>